<?xml version="1.0" encoding="UTF-8"?>
<OAI-PMH xmlns="http://www.openarchives.org/OAI/2.0/" xmlns:xsi="http://www.w3.org/2001/XMLSchema-instance" xsi:schemaLocation="http://www.openarchives.org/OAI/2.0/ http://www.openarchives.org/OAI/2.0/OAI-PMH.xsd">
<ListRecords>
<record>
<header status="updated">
<identifier>urm_publish:71282953300002121</identifier>
</header>
<metadata>
<record xmlns="http://www.loc.gov/MARC21/slim" xmlns:xsi="http://www.w3.org/2001/XMLSchema-instance" xsi:schemaLocation="http://www.loc.gov/MARC21/slim http://www.loc.gov/standards/marcxml/schema/MARC21slim.xsd" ><leader>01064cam a2200313   4500</leader><controlfield tag="005">20130515142041.0</controlfield><controlfield tag="008">730814r19731900nyu           00000ceng  </controlfield><controlfield tag="001">999540078902121</controlfield><datafield tag="010" ind1=" " ind2=" "><subfield code="a">   76170839 //r82</subfield></datafield><datafield tag="020" ind1=" " ind2=" "><subfield code="a">0404067700</subfield></datafield><datafield tag="035" ind1=" " ind2=" "><subfield code="a">(OCoLC)00701357</subfield></datafield><datafield tag="035" ind1=" " ind2=" "><subfield code="9">ADM6569UW</subfield></datafield><datafield tag="035" ind1=" " ind2=" "><subfield code="a">(WU)747223-uwmadisondb</subfield></datafield><datafield tag="040" ind1=" " ind2=" "><subfield code="a">DLC</subfield><subfield code="b">eng</subfield><subfield code="c">DLC</subfield><subfield code="d">m.c.</subfield><subfield code="d">GZM</subfield></datafield><datafield tag="041" ind1="1" ind2=" "><subfield code="a">eng</subfield><subfield code="h">lat</subfield></datafield><datafield tag="050" ind1="0" ind2=" "><subfield code="a">BX4654</subfield><subfield code="b">.J33 1973</subfield></datafield><datafield tag="082" ind1=" " ind2=" "><subfield code="a">282/.092/2</subfield><subfield code="a">B</subfield></datafield><datafield tag="100" ind1="0" ind2=" "><subfield code="a">Jacobus,</subfield><subfield code="c">de Voragine,</subfield><subfield code="d">approximately 1229-1298.</subfield><subfield code="2">LCNAMES</subfield><subfield code="0">41-LIBRARY_OF_CONGRESS-n  50082383</subfield><subfield code="9">Y</subfield></datafield><datafield tag="240" ind1="1" ind2="0"><subfield code="a">Legenda aurea.</subfield><subfield code="l">English</subfield></datafield><datafield tag="245" ind1="1" ind2="4"><subfield code="a">The golden legend;</subfield><subfield code="b">or, Lives of the saints /</subfield><subfield code="c">as Englished by William Caxton, London, J. M. Dent, 1900-39, v. 1, 1931.</subfield></datafield><datafield tag="264" ind1=" " ind2="1"><subfield code="a">New York :</subfield><subfield code="b">AMS Press,</subfield><subfield code="c">1973-</subfield></datafield><datafield tag="300" ind1=" " ind2=" "><subfield code="a">7 volumes in 4 ;</subfield><subfield code="c">19 cm</subfield></datafield><datafield tag="336" ind1=" " ind2=" "><subfield code="a">text</subfield><subfield code="b">txt</subfield><subfield code="2">rdacontent</subfield></datafield><datafield tag="337" ind1=" " ind2=" "><subfield code="a">unmediated</subfield><subfield code="b">n</subfield><subfield code="2">rdamedia</subfield></datafield><datafield tag="338" ind1=" " ind2=" "><subfield code="a">volume</subfield><subfield code="b">nc</subfield><subfield code="2">rdacarrier</subfield></datafield><datafield tag="500" ind1=" " ind2=" "><subfield code="a">Original ed. issued in series: The Temple classics.</subfield></datafield><datafield tag="650" ind1=" " ind2="0"><subfield code="a">Saints.</subfield><subfield code="2">LCSH</subfield><subfield code="0">41-LIBRARY_OF_CONGRESS-sh 85116629</subfield><subfield code="9">Y</subfield></datafield><datafield tag="700" ind1="1" ind2=" "><subfield code="a">Caxton, William,</subfield><subfield code="d">approximately 1422-1491 or 1492,</subfield><subfield code="e">translator.</subfield><subfield code="2">LCNAMES</subfield><subfield code="0">41-LIBRARY_OF_CONGRESS-n  79007370</subfield><subfield code="9">Y</subfield></datafield><datafield tag="997" ind1=" " ind2=" "><subfield code="a">MARCIVE</subfield></datafield><datafield tag="650" ind1=" " ind2="0"><subfield code="w">g</subfield><subfield code="a">Persons</subfield><subfield code="2">LCSH</subfield><subfield code="0">41-LIBRARY_OF_CONGRESS-sh 85116629</subfield><subfield code="9">R</subfield></datafield><datafield tag="100" ind1="0" ind2=" "><subfield code="a">De Voragine, Jacobus,</subfield><subfield code="d">approximately 1229-1298</subfield><subfield code="2">LCNAMES</subfield><subfield code="0">41-LIBRARY_OF_CONGRESS-n  50082383</subfield><subfield code="9">N</subfield></datafield><datafield tag="100" ind1="0" ind2=" "><subfield code="a">Giacomo,</subfield><subfield code="c">da Varagine,</subfield><subfield code="d">approximately 1229-1298</subfield><subfield code="2">LCNAMES</subfield><subfield code="0">41-LIBRARY_OF_CONGRESS-n  50082383</subfield><subfield code="9">N</subfield></datafield><datafield tag="100" ind1="0" ind2=" "><subfield code="a">Giacomo,</subfield><subfield code="c">da Varazze,</subfield><subfield code="d">approximately 1229-1298</subfield><subfield code="2">LCNAMES</subfield><subfield code="0">41-LIBRARY_OF_CONGRESS-n  50082383</subfield><subfield code="9">N</subfield></datafield><datafield tag="100" ind1="0" ind2=" "><subfield code="a">Giacomo,</subfield><subfield code="c">da Voragine,</subfield><subfield code="d">approximately 1229-1298</subfield><subfield code="2">LCNAMES</subfield><subfield code="0">41-LIBRARY_OF_CONGRESS-n  50082383</subfield><subfield code="9">N</subfield></datafield><datafield tag="100" ind1="0" ind2=" "><subfield code="a">Iacobo,</subfield><subfield code="c">di Voragine,</subfield><subfield code="d">approximately 1229-1298</subfield><subfield code="2">LCNAMES</subfield><subfield code="0">41-LIBRARY_OF_CONGRESS-n  50082383</subfield><subfield code="9">N</subfield></datafield><datafield tag="100" ind1="0" ind2=" "><subfield code="a">Iacobus,</subfield><subfield code="c">de Voragine,</subfield><subfield code="d">approximately 1229-1298</subfield><subfield code="2">LCNAMES</subfield><subfield code="0">41-LIBRARY_OF_CONGRESS-n  50082383</subfield><subfield code="9">N</subfield></datafield><datafield tag="100" ind1="0" ind2=" "><subfield code="a">Iacopo,</subfield><subfield code="c">da Varagine,</subfield><subfield code="d">approximately 1229-1298</subfield><subfield code="2">LCNAMES</subfield><subfield code="0">41-LIBRARY_OF_CONGRESS-n  50082383</subfield><subfield code="9">N</subfield></datafield><datafield tag="100" ind1="0" ind2=" "><subfield code="a">Iacopo,</subfield><subfield code="c">da Varazze,</subfield><subfield code="d">approximately 1229-1298</subfield><subfield code="2">LCNAMES</subfield><subfield code="0">41-LIBRARY_OF_CONGRESS-n  50082383</subfield><subfield code="9">N</subfield></datafield><datafield tag="100" ind1="0" ind2=" "><subfield code="a">Jacobo,</subfield><subfield code="c">de Voragine,</subfield><subfield code="d">approximately 1229-1298</subfield><subfield code="2">LCNAMES</subfield><subfield code="0">41-LIBRARY_OF_CONGRESS-n  50082383</subfield><subfield code="9">N</subfield></datafield><datafield tag="100" ind1="0" ind2=" "><subfield code="a">Jacobus,</subfield><subfield code="c">a Voragine,</subfield><subfield code="d">approximately 1229-1298</subfield><subfield code="2">LCNAMES</subfield><subfield code="0">41-LIBRARY_OF_CONGRESS-n  50082383</subfield><subfield code="9">N</subfield></datafield><datafield tag="100" ind1="0" ind2=" "><subfield code="w">nnaa</subfield><subfield code="a">Jacobus de Varagine</subfield><subfield code="2">LCNAMES</subfield><subfield code="0">41-LIBRARY_OF_CONGRESS-n  50082383</subfield><subfield code="9">N</subfield></datafield><datafield tag="100" ind1="0" ind2=" "><subfield code="a">Jacobus,</subfield><subfield code="c">de Varagine,</subfield><subfield code="d">approximately 1229-1298</subfield><subfield code="2">LCNAMES</subfield><subfield code="0">41-LIBRARY_OF_CONGRESS-n  50082383</subfield><subfield code="9">N</subfield></datafield><datafield tag="100" ind1="0" ind2=" "><subfield code="w">nnea</subfield><subfield code="a">Jacobus,</subfield><subfield code="c">de Voragine,</subfield><subfield code="d">ca. 1229-1298</subfield><subfield code="2">LCNAMES</subfield><subfield code="0">41-LIBRARY_OF_CONGRESS-n  50082383</subfield><subfield code="9">N</subfield></datafield><datafield tag="100" ind1="0" ind2=" "><subfield code="a">Jacobus,</subfield><subfield code="c">Ianuensis,</subfield><subfield code="d">approximately 1229-1298</subfield><subfield code="2">LCNAMES</subfield><subfield code="0">41-LIBRARY_OF_CONGRESS-n  50082383</subfield><subfield code="9">N</subfield></datafield><datafield tag="100" ind1="0" ind2=" "><subfield code="a">Jacobus,</subfield><subfield code="c">Januensis,</subfield><subfield code="d">approximately 1229-1298</subfield><subfield code="2">LCNAMES</subfield><subfield code="0">41-LIBRARY_OF_CONGRESS-n  50082383</subfield><subfield code="9">N</subfield></datafield><datafield tag="100" ind1="0" ind2=" "><subfield code="a">Jacobus,</subfield><subfield code="c">of Voragine,</subfield><subfield code="d">approximately 1229-1298</subfield><subfield code="2">LCNAMES</subfield><subfield code="0">41-LIBRARY_OF_CONGRESS-n  50082383</subfield><subfield code="9">N</subfield></datafield><datafield tag="100" ind1="0" ind2=" "><subfield code="a">Jacopo,</subfield><subfield code="c">da Varagine,</subfield><subfield code="d">approximately 1229-1298</subfield><subfield code="2">LCNAMES</subfield><subfield code="0">41-LIBRARY_OF_CONGRESS-n  50082383</subfield><subfield code="9">N</subfield></datafield><datafield tag="100" ind1="0" ind2=" "><subfield code="a">Jacopo,</subfield><subfield code="c">da Varazze,</subfield><subfield code="d">approximately 1229-1298</subfield><subfield code="2">LCNAMES</subfield><subfield code="0">41-LIBRARY_OF_CONGRESS-n  50082383</subfield><subfield code="9">N</subfield></datafield><datafield tag="100" ind1="0" ind2=" "><subfield code="a">Jacopo,</subfield><subfield code="c">da Voragine,</subfield><subfield code="d">approximately 1229-1298</subfield><subfield code="2">LCNAMES</subfield><subfield code="0">41-LIBRARY_OF_CONGRESS-n  50082383</subfield><subfield code="9">N</subfield></datafield><datafield tag="100" ind1="0" ind2=" "><subfield code="a">Jacopo,</subfield><subfield code="c">de Viraggio,</subfield><subfield code="d">approximately 1229-1298</subfield><subfield code="2">LCNAMES</subfield><subfield code="0">41-LIBRARY_OF_CONGRESS-n  50082383</subfield><subfield code="9">N</subfield></datafield><datafield tag="100" ind1="0" ind2=" "><subfield code="a">Jacopo,</subfield><subfield code="c">de Voragine,</subfield><subfield code="d">approximately 1229-1298</subfield><subfield code="2">LCNAMES</subfield><subfield code="0">41-LIBRARY_OF_CONGRESS-n  50082383</subfield><subfield code="9">N</subfield></datafield><datafield tag="100" ind1="0" ind2=" "><subfield code="a">Jacopo,</subfield><subfield code="c">di Viraggio,</subfield><subfield code="d">approximately 1229-1298</subfield><subfield code="2">LCNAMES</subfield><subfield code="0">41-LIBRARY_OF_CONGRESS-n  50082383</subfield><subfield code="9">N</subfield></datafield><datafield tag="100" ind1="0" ind2=" "><subfield code="a">Jacques,</subfield><subfield code="c">de Voragine,</subfield><subfield code="d">approximately 1229-1298</subfield><subfield code="2">LCNAMES</subfield><subfield code="0">41-LIBRARY_OF_CONGRESS-n  50082383</subfield><subfield code="9">N</subfield></datafield><datafield tag="100" ind1="0" ind2=" "><subfield code="a">Jakub,</subfield><subfield code="c">de Voragine,</subfield><subfield code="d">approximately 1229-1298</subfield><subfield code="2">LCNAMES</subfield><subfield code="0">41-LIBRARY_OF_CONGRESS-n  50082383</subfield><subfield code="9">N</subfield></datafield><datafield tag="100" ind1="0" ind2=" "><subfield code="a">James,</subfield><subfield code="c">of Voragine,</subfield><subfield code="d">approximately 1229-1298</subfield><subfield code="2">LCNAMES</subfield><subfield code="0">41-LIBRARY_OF_CONGRESS-n  50082383</subfield><subfield code="9">N</subfield></datafield><datafield tag="100" ind1="0" ind2=" "><subfield code="a">Santiago,</subfield><subfield code="c">de la Vorágine,</subfield><subfield code="d">approximately 1229-1298</subfield><subfield code="2">LCNAMES</subfield><subfield code="0">41-LIBRARY_OF_CONGRESS-n  50082383</subfield><subfield code="9">N</subfield></datafield><datafield tag="100" ind1="0" ind2=" "><subfield code="a">Santiago,</subfield><subfield code="c">de Varazze,</subfield><subfield code="d">approximately 1229-1298</subfield><subfield code="2">LCNAMES</subfield><subfield code="0">41-LIBRARY_OF_CONGRESS-n  50082383</subfield><subfield code="9">N</subfield></datafield><datafield tag="100" ind1="0" ind2=" "><subfield code="a">Varagine, Giacomo da,</subfield><subfield code="d">approximately 1229-1298</subfield><subfield code="2">LCNAMES</subfield><subfield code="0">41-LIBRARY_OF_CONGRESS-n  50082383</subfield><subfield code="9">N</subfield></datafield><datafield tag="100" ind1="0" ind2=" "><subfield code="a">Varagine, Iacopo da,</subfield><subfield code="d">approximately 1229-1298</subfield><subfield code="2">LCNAMES</subfield><subfield code="0">41-LIBRARY_OF_CONGRESS-n  50082383</subfield><subfield code="9">N</subfield></datafield><datafield tag="100" ind1="0" ind2=" "><subfield code="a">Varagine, Jacobus de,</subfield><subfield code="d">approximately 1229-1298</subfield><subfield code="2">LCNAMES</subfield><subfield code="0">41-LIBRARY_OF_CONGRESS-n  50082383</subfield><subfield code="9">N</subfield></datafield><datafield tag="100" ind1="0" ind2=" "><subfield code="a">Varazze, Giacomo da,</subfield><subfield code="d">approximately 1229-1298</subfield><subfield code="2">LCNAMES</subfield><subfield code="0">41-LIBRARY_OF_CONGRESS-n  50082383</subfield><subfield code="9">N</subfield></datafield><datafield tag="100" ind1="0" ind2=" "><subfield code="a">Varazze, Iacopo da,</subfield><subfield code="d">approximately 1229-1298</subfield><subfield code="2">LCNAMES</subfield><subfield code="0">41-LIBRARY_OF_CONGRESS-n  50082383</subfield><subfield code="9">N</subfield></datafield><datafield tag="100" ind1="0" ind2=" "><subfield code="a">Varazze, Jacopo da,</subfield><subfield code="d">approximately 1229-1298</subfield><subfield code="2">LCNAMES</subfield><subfield code="0">41-LIBRARY_OF_CONGRESS-n  50082383</subfield><subfield code="9">N</subfield></datafield><datafield tag="100" ind1="0" ind2=" "><subfield code="a">Varazze, Santiago de,</subfield><subfield code="d">approximately 1229-1298</subfield><subfield code="2">LCNAMES</subfield><subfield code="0">41-LIBRARY_OF_CONGRESS-n  50082383</subfield><subfield code="9">N</subfield></datafield><datafield tag="100" ind1="0" ind2=" "><subfield code="a">Viraggio, Jacopo di,</subfield><subfield code="d">approximately 1229-1298</subfield><subfield code="2">LCNAMES</subfield><subfield code="0">41-LIBRARY_OF_CONGRESS-n  50082383</subfield><subfield code="9">N</subfield></datafield><datafield tag="100" ind1="0" ind2=" "><subfield code="a">Voragine, Giacomo da,</subfield><subfield code="d">approximately 1229-1298</subfield><subfield code="2">LCNAMES</subfield><subfield code="0">41-LIBRARY_OF_CONGRESS-n  50082383</subfield><subfield code="9">N</subfield></datafield><datafield tag="100" ind1="0" ind2=" "><subfield code="a">Voragine, Iacobo di,</subfield><subfield code="d">approximately 1229-1298</subfield><subfield code="2">LCNAMES</subfield><subfield code="0">41-LIBRARY_OF_CONGRESS-n  50082383</subfield><subfield code="9">N</subfield></datafield><datafield tag="100" ind1="0" ind2=" "><subfield code="a">Voragine, Jacobus de,</subfield><subfield code="d">approximately 1229-1298</subfield><subfield code="2">LCNAMES</subfield><subfield code="0">41-LIBRARY_OF_CONGRESS-n  50082383</subfield><subfield code="9">N</subfield></datafield><datafield tag="100" ind1="0" ind2=" "><subfield code="a">Voragine, Jacopo da,</subfield><subfield code="d">approximately 1229-1298</subfield><subfield code="2">LCNAMES</subfield><subfield code="0">41-LIBRARY_OF_CONGRESS-n  50082383</subfield><subfield code="9">N</subfield></datafield><datafield tag="100" ind1="0" ind2=" "><subfield code="a">Voragine, Jacques de,</subfield><subfield code="d">approximately 1229-1298</subfield><subfield code="2">LCNAMES</subfield><subfield code="0">41-LIBRARY_OF_CONGRESS-n  50082383</subfield><subfield code="9">N</subfield></datafield><datafield tag="100" ind1="0" ind2=" "><subfield code="a">Voragine, Jakub de,</subfield><subfield code="d">approximately 1229-1298</subfield><subfield code="2">LCNAMES</subfield><subfield code="0">41-LIBRARY_OF_CONGRESS-n  50082383</subfield><subfield code="9">N</subfield></datafield><datafield tag="100" ind1="0" ind2=" "><subfield code="a">Vorágine, Santiago de la,</subfield><subfield code="d">approximately 1229-1298</subfield><subfield code="2">LCNAMES</subfield><subfield code="0">41-LIBRARY_OF_CONGRESS-n  50082383</subfield><subfield code="9">N</subfield></datafield><datafield tag="700" ind1="1" ind2=" "><subfield code="w">nnea</subfield><subfield code="a">Caxton, William,</subfield><subfield code="d">ca. 1422-1491 or 2</subfield><subfield code="2">LCNAMES</subfield><subfield code="0">41-LIBRARY_OF_CONGRESS-n  79007370</subfield><subfield code="9">N</subfield></datafield><datafield tag="INST" ind1=" " ind2=" "><subfield code="a">01UWI_NETWORK</subfield><subfield code="b">P</subfield><subfield code="c">71282953300002121</subfield></datafield><datafield tag="INST" ind1=" " ind2=" "><subfield code="a">01UWI_LC</subfield><subfield code="b">P</subfield><subfield code="c">21107419240002125</subfield></datafield><datafield tag="INST" ind1=" " ind2=" "><subfield code="a">01UWI_MAD</subfield><subfield code="b">P</subfield><subfield code="c">21502080000002122</subfield></datafield><datafield tag="AVA" ind1=" " ind2=" "><subfield code="0">991815793402125</subfield><subfield code="8">22107419230002125</subfield><subfield code="a">01UWI_LC</subfield><subfield code="b">LAXMUR</subfield><subfield code="c">2nd Floor Stacks</subfield><subfield code="d">BX4654 .J33 1973</subfield><subfield code="e">available</subfield><subfield code="f">4</subfield><subfield code="g">0</subfield><subfield code="j">stax</subfield><subfield code="k">0</subfield><subfield code="p">1</subfield><subfield code="q">UW La Crosse Murphy Library</subfield><subfield code="t">v.1/2-v.6/7</subfield></datafield><datafield tag="AVA" ind1=" " ind2=" "><subfield code="0">997472233602122</subfield><subfield code="8">22502079930002122</subfield><subfield code="a">01UWI_MAD</subfield><subfield code="b">ART</subfield><subfield code="c">Regular size shelving</subfield><subfield code="d">BX4654 J33 1973</subfield><subfield code="e">available</subfield><subfield code="f">4</subfield><subfield code="g">0</subfield><subfield code="j">stk</subfield><subfield code="k">0</subfield><subfield code="p">1</subfield><subfield code="q">Art Library (Kohler)</subfield><subfield code="t">v.1-v.7</subfield></datafield><datafield tag="AVA" ind1=" " ind2=" "><subfield code="0">997472233602122</subfield><subfield code="8">22502079990002122</subfield><subfield code="a">01UWI_MAD</subfield><subfield code="b">MEMORIAL</subfield><subfield code="c">Stacks Regular Size Shelving</subfield><subfield code="d">BX4654 J33 1973</subfield><subfield code="e">available</subfield><subfield code="f">4</subfield><subfield code="g">0</subfield><subfield code="j">stk</subfield><subfield code="k">0</subfield><subfield code="p">2</subfield><subfield code="q">Memorial Library</subfield><subfield code="t">v.1-v.7</subfield></datafield><datafield tag="MMS" ind1=" " ind2=" "><subfield code="b">999540078902121</subfield><subfield code="a">01UWI_NETWORK</subfield></datafield><datafield tag="MMS" ind1=" " ind2=" "><subfield code="b">991815793402125</subfield><subfield code="a">01UWI_LC</subfield></datafield><datafield tag="MMS" ind1=" " ind2=" "><subfield code="b">997472233602122</subfield><subfield code="a">01UWI_MAD</subfield></datafield><datafield tag="BBB" ind1="0" ind2="1"><subfield code="x">cmh</subfield><subfield code="8">22502079930002122</subfield><subfield code="A">01UWI_MAD</subfield></datafield><datafield tag="BBB" ind1="0" ind2="1"><subfield code="x">cmh</subfield><subfield code="8">22502079990002122</subfield><subfield code="A">01UWI_MAD</subfield></datafield></record>
</metadata>
</record>
</ListRecords>
</OAI-PMH>